
42 (n.d.). Intra API documentation. Retrieved October 20, 2024, from https://api.intra.42.fr/apidoc/guides/

Battistin, T., Dalla Pozza, N., Trentin, S., Volpin, G., Franceschini, A., & Rod√†, A. (2022). Co-designed mini-games for children with visual impairment: A pilot study on their usability. Multimedia Tools and Applications. https://doi.org/10.1007/s11042-022-13665-7

Bootstrap. (n.d.). Bootstrap documentation. Retrieved September 15, 2024, from https://getbootstrap.com/docs

Django Software Foundation. (n.d.). Django documentation (version 5.0). Retrieved September 15, 2024, from https://docs.djangoproject.com/en/5.0/

Ecma International. (n.d.). ECMAScript language specification. Retrieved September 25, 2024, from https://www.ecma-international.org/publications-and-standards/

GeeksforGeeks. (2024). What is single page application? Available at: https://www.geeksforgeeks.org/what-is-single-page-application/

Guanabara, G. (2019). Curso de JavaScript [Video]. YouTube. https://www.youtube.com/watch?v=1-w1RfGIov4

Guanabara, G. (2020). Curso de HTML e CSS [Video]. YouTube. https://www.youtube.com/watch?v=1-w1RfGIov4

Programming with Mosh. (2021). Python Django tutorial for beginners [Video]. YouTube. https://www.youtube.com/watch?v=rHux0gMZ3Eg

The PostgreSQL Global Development Group. (n.d.). PostgreSQL documentation, from https://www.postgresql.org/docs/current/

Stakeholdermap.com. (n.d.). Risk assessment matrix - Simple 3x3. Retrieved October 26, 2024, from https://www.stakeholdermap.com/risk/risk-assessment-matrix-simple-3x3.html

Simple JWT. (n.d.). Simple JWT documentation. Retrieved October 18, 2024, from https://django-rest-framework-simplejwt.readthedocs.io/en/latest/

Wikipedia contributors. (n.d.). Single-page application. Wikipedia, The Free Encyclopedia. Retrieved September 8, 2024, from https://en.wikipedia.org/wiki/Single-page_application 

